@incollection{Ros,
  address   = {https://www.ros.org/},
}

@incollection{GzScenic,
  author    = {Afsoon Afzal},
  title     = {GzScenic: Automatic Scene Generation for Gazebo Simulator},
  address   = {https://arxiv.org/pdf/2104.08625.pdf},
}

@incollection{Scenic,
  author    = {Daniel J. Fremont and Edward Kim and Tommaso Dreossi and Shromona Ghosh
    and Xiangyu Yue and Alberto L. Sangiovanni-Vincentelli and Sanjit A. Seshia},
  title     = {Scenic: A Language for Scenario Specification},
  address   = {https://scenic-lang.readthedocs.io/en/latest/index.html},
}

@incollection{TestRob,
  author    = {Afsoon Afzal},
  title     = {A Study on Challenges of Testing Robotic Systems},
}

@incollection{Gazebo,
  address   = {http://gazebosim.org/},
}